<?xml version="1.0" encoding="utf-8"?>
<record xmlns="http://www.loc.gov/MARC21/slim" xmlns:xsi="http://www.w3.org/2001/XMLSchema-instance" xsi:schemaLocation="http://www.loc.gov/MARC21/slim http://www.loc.gov/standards/marcxml/schema/MARC21slim.xsd">
	<leader>
		02629nam a2200421   4500
	</leader>
	<controlfield tag="001">
		650876
	</controlfield>
	<controlfield tag="003">
		NNC
	</controlfield>
	<controlfield tag="006">
		m        d        
	</controlfield>
	<controlfield tag="007">
		cr cn |||m|||a
	</controlfield>
	<controlfield tag="008">
		151222m19321934ua      o     000 0 ara d
	</controlfield>
	<datafield ind1=" " ind2=" " tag="040">
		<subfield code="a">
			NNU
		</subfield>
		<subfield code="b">
			eng
		</subfield>
		<subfield code="e">
			rda
		</subfield>
		<subfield code="c">
			NNU
		</subfield>
	</datafield>
	<datafield ind1="1" ind2=" " tag="100">
		<subfield code="6">
			880-01
		</subfield>
		<subfield code="a">
			Qārī al-Harawī, ʻAlī ibn Sulṭān Muḥammad,
		</subfield>
		<subfield code="d">
			-1605 or 1606.
		</subfield>
	</datafield>
	<datafield ind1="1" ind2="0" tag="245">
		<subfield code="6">
			880-02
		</subfield>
		<subfield code="a">
			Sharḥ ʻAyn al-ʻilm wa-zayn al-ḥilm /
		</subfield>
		<subfield code="c">
			lil-Imām Nūr al-Dīn Munlā [sic] ʻAlī ibn Sulṭān Muḥammad al-Harawī, al-maʻrūf bi-al-Qārī.
		</subfield>
	</datafield>
	<datafield ind1=" " ind2=" " tag="260">
		<subfield code="6">
			880-03
		</subfield>
		<subfield code="a">
			Miṣr  :
		</subfield>
		<subfield code="b">
			Idārat al-Ṭibāʻah al-Muniriyah,
		</subfield>
		<subfield code="c">
			1351-1353 [1932 or 1933-1934 or 1935]
		</subfield>
	</datafield>
	<datafield ind1=" " ind2=" " tag="300">
		<subfield code="a">
			online resource (2 volumes)
		</subfield>
	</datafield>
	<datafield ind1=" " ind2=" " tag="336">
		<subfield code="a">
			text
		</subfield>
		<subfield code="2">
			rdacontent
		</subfield>
	</datafield>
	<datafield ind1=" " ind2=" " tag="337">
		<subfield code="a">
			computer
		</subfield>
		<subfield code="2">
			rdamedia
		</subfield>
	</datafield>
	<datafield ind1=" " ind2=" " tag="338">
		<subfield code="a">
			online resource
		</subfield>
		<subfield code="2">
			rdacarrier
		</subfield>
	</datafield>
	<datafield ind1=" " ind2=" " tag="500">
		<subfield code="a">
			Vocalized text.
		</subfield>
	</datafield>
	<datafield ind1=" " ind2=" " tag="500">
		<subfield code="a">
			Part of the Arabic Collections Online (ACO) project, contributed by Columbia University Libraries.
		</subfield>
	</datafield>
	<datafield ind1=" " ind2=" " tag="533">
		<subfield code="a">
			Electronic reproduction.
		</subfield>
		<subfield code="b">
			New York, N.Y. :
		</subfield>
		<subfield code="c">
			New York University,
		</subfield>
		<subfield code="d">
			2015.
		</subfield>
		<subfield code="5">
			NNU
		</subfield>
	</datafield>
	<datafield ind1="1" ind2="0" tag="600">
		<subfield code="6">
			880-04
		</subfield>
		<subfield code="a">
			Balkhī, Muḥammad ibn ʻUthmān,
		</subfield>
		<subfield code="d">
			-1426 or 1427.
		</subfield>
		<subfield code="t">
			ʻAyn al-ʻilm wa-zayn al-ḥilm.
		</subfield>
	</datafield>
	<datafield ind1=" " ind2="0" tag="650">
		<subfield code="a">
			Sufism
		</subfield>
		<subfield code="v">
			Early works to 1800.
		</subfield>
	</datafield>
	<datafield ind1=" " ind2="0" tag="650">
		<subfield code="a">
			Mysticism
		</subfield>
		<subfield code="x">
			Islam
		</subfield>
		<subfield code="v">
			Early works to 1800.
		</subfield>
	</datafield>
	<datafield ind1="1" ind2="2" tag="700">
		<subfield code="6">
			880-05
		</subfield>
		<subfield code="a">
			Balkhī, Muḥammad ibn ʻUthmān,
		</subfield>
		<subfield code="d">
			-1426 or 1427.
		</subfield>
		<subfield code="t">
			ʻAyn al-ʻilm wa-zayn al-ḥilm.
		</subfield>
	</datafield>
	<datafield ind1="2" ind2=" " tag="710">
		<subfield code="a">
			Columbia University.
		</subfield>
		<subfield code="b">
			Libraries.
		</subfield>
	</datafield>
	<datafield ind1="0" ind2=" " tag="730">
		<subfield code="a">
			Arabic Collections Online.
		</subfield>
	</datafield>
	<datafield ind1="0" ind2="8" tag="776">
		<subfield code="i">
			Print version:
		</subfield>
		<subfield code="a">
			Qārī al-Harawī, ʻAlī ibn Sulṭān Muḥammad, -1605 or 1606.
		</subfield>
		<subfield code="t">
			Sharḥ ʻAyn al-ʻilm wa-zayn al-ḥilm
		</subfield>
		<subfield code="w">
			(NNC)650876
		</subfield>
		<subfield code="w">
			(OCoLC)506418413
		</subfield>
	</datafield>
	<datafield ind1="4" ind2="0" tag="856">
		<subfield code="u">
			http://hdl.handle.net/2333.1/sn02v9vk
		</subfield>
	</datafield>
	<datafield ind1="4" ind2="0" tag="856">
		<subfield code="u">
			http://hdl.handle.net/2333.1/sn02v9vk
		</subfield>
	</datafield>
	<datafield ind1="1" ind2=" " tag="880">
		<subfield code="6">
			100-01/r
		</subfield>
		<subfield code="a">
			قاري الهروي، علي بن سلطان محمد،
		</subfield>
		<subfield code="d">
			-1605 or 1606.
		</subfield>
	</datafield>
	<datafield ind1="1" ind2="0" tag="880">
		<subfield code="6">
			245-02/r
		</subfield>
		<subfield code="a">
			شرح عين العلم وزين الحلم /
		</subfield>
		<subfield code="c">
			للامام نور الدين منلا [س] علي بن سلطان محمد الهروي، المعروف بالقاري.
		</subfield>
	</datafield>
	<datafield ind1=" " ind2=" " tag="880">
		<subfield code="6">
			260-03/r
		</subfield>
		<subfield code="a">
			مصر  :
		</subfield>
		<subfield code="b">
			ادارة الطباعة المنرية،
		</subfield>
		<subfield code="c">
			1351-1353 [1932 or 1933-1934 or 1935]
		</subfield>
	</datafield>
	<datafield ind1="1" ind2="4" tag="880">
		<subfield code="6">
			600-04/r
		</subfield>
		<subfield code="a">
			بلخي، محمد بن عثمان،
		</subfield>
		<subfield code="d">
			-1426 or 1427. 
		</subfield>
		<subfield code="t">
			عين العلم وزين الحلم.
		</subfield>
	</datafield>
	<datafield ind1="1" ind2="2" tag="880">
		<subfield code="6">
			700-05/r
		</subfield>
		<subfield code="a">
			بلخي، محمد بن عثمان،
		</subfield>
		<subfield code="d">
			-1426 or 1427. 
		</subfield>
		<subfield code="t">
			عين العلم وزين الحلم.
		</subfield>
	</datafield>
	<datafield ind1=" " ind2=" " tag="959">
		<subfield code="a">
			NNU
		</subfield>
		<subfield code="b">
			WEB
		</subfield>
		<subfield code="c">
			GENI
		</subfield>
		<subfield code="t">
			0
		</subfield>
		<subfield code="m">
			Electronic access
		</subfield>
		<subfield code="s">
			01
		</subfield>
	</datafield>
	<datafield ind1=" " ind2=" " tag="959">
		<subfield code="a">
			NNU
		</subfield>
		<subfield code="b">
			WEB
		</subfield>
		<subfield code="c">
			GENI
		</subfield>
		<subfield code="t">
			0
		</subfield>
		<subfield code="m">
			Electronic access
		</subfield>
		<subfield code="s">
			01
		</subfield>
	</datafield>
	<datafield ind1=" " ind2=" " tag="999">
		<subfield code="i">
			NNC_650876
		</subfield>
		<subfield code="o">
			(OCoLC)ocn506418413
		</subfield>
		<subfield code="s">
			columbia_aco001219:v.1
		</subfield>
		<subfield code="s">
			columbia_aco001220:v.2
		</subfield>
		<subfield code="e">
			(ERROR-880)
		</subfield>
		<subfield code="s">
			columbia_aco001219:v.1
		</subfield>
		<subfield code="s">
			columbia_aco001220:v.2
		</subfield>
	</datafield>
</record>
